<?xml version="1.0" encoding="UTF-8"?>
<marc:collection xmlns:marc="http://www.loc.gov/MARC21/slim" xmlns:xsi="http://www.w3.org/2001/XMLSchema-instance" xsi:schemaLocation="http://www.loc.gov/MARC21/slim http://www.loc.gov/standards/marcxml/schema/MARC21slim.xsd">
   <marc:record type="Bibliographic">
      <marc:leader>00844cam a22002411a 4500</marc:leader>
      <marc:controlfield tag="001">2850966</marc:controlfield>
      <marc:controlfield tag="003">NjP</marc:controlfield>
      <marc:controlfield tag="005">20160822110738.0</marc:controlfield>
      <marc:controlfield tag="008">961104m19629999iq abc        000 0 ara d</marc:controlfield>
      <marc:datafield tag="024" ind1="7" ind2=" ">
         <marc:subfield code="a">princeton_aco001371</marc:subfield>
         <marc:subfield code="2">local</marc:subfield>
      </marc:datafield>
      <marc:datafield tag="010" ind1=" " ind2=" ">
         <marc:subfield code="a">   64000550 </marc:subfield>
      </marc:datafield>
      <marc:datafield tag="035" ind1=" " ind2=" ">
         <marc:subfield code="a">(CStRLIN)MAHGBJA73819-B</marc:subfield>
      </marc:datafield>
      <marc:datafield tag="035" ind1=" " ind2=" ">
         <marc:subfield code="a">(MH)MHBJA73819HU</marc:subfield>
      </marc:datafield>
      <marc:datafield tag="035" ind1=" " ind2=" ">
         <marc:subfield code="9">CNT6558TS</marc:subfield>
      </marc:datafield>
      <marc:datafield tag="040" ind1=" " ind2=" ">
         <marc:subfield code="a">MH</marc:subfield>
         <marc:subfield code="c">MH</marc:subfield>
         <marc:subfield code="d">CStRLIN</marc:subfield>
         <marc:subfield code="d">NjP</marc:subfield>
      </marc:datafield>
      <marc:datafield tag="100" ind1="1" ind2=" ">
         <marc:subfield code="a">Kamāl al-Dīn, Hādī Ḥamad.</marc:subfield>
      </marc:datafield>
      <marc:datafield tag="245" ind1="1" ind2="0">
         <marc:subfield code="a">Fuqahāʾ al-fayḥāʾ aw taṭawwur al-ḥarakah al-fikrīyah fī al-Ḥillah /</marc:subfield>
         <marc:subfield code="c">taʾlīf Hādī Ḥamad Kamāl al-Dīn.</marc:subfield>
      </marc:datafield>
      <marc:datafield tag="260" ind1=" " ind2=" ">
         <marc:subfield code="a">Baghdād :</marc:subfield>
         <marc:subfield code="b">Maṭbaʻat al-Maʻārif,</marc:subfield>
         <marc:subfield code="c">1962-</marc:subfield>
      </marc:datafield>
      <marc:datafield tag="300" ind1=" " ind2=" ">
         <marc:subfield code="a">v. :</marc:subfield>
         <marc:subfield code="b">ill., facsims., port. ;</marc:subfield>
         <marc:subfield code="c">25 cm.</marc:subfield>
      </marc:datafield>
      <marc:datafield tag="650" ind1=" " ind2="0">
         <marc:subfield code="a">Shiites.</marc:subfield>
      </marc:datafield>
      <marc:datafield tag="651" ind1=" " ind2="0">
         <marc:subfield code="a">Ḥillah (Iraq)</marc:subfield>
         <marc:subfield code="v">Biography.</marc:subfield>
      </marc:datafield>
      <marc:datafield tag="852" ind1="0" ind2=" ">
         <marc:subfield code="b">nec</marc:subfield>
         <marc:subfield code="h">BP192.8</marc:subfield>
         <marc:subfield code="i">.K363 1962</marc:subfield>
         <marc:subfield code="p">3164134</marc:subfield>
         <marc:subfield code="x">reclassed from: 2271.508209.751</marc:subfield>
      </marc:datafield>
      <marc:datafield tag="948" ind1=" " ind2=" ">
         <marc:subfield code="a">jab/con</marc:subfield>
      </marc:datafield>
      <marc:datafield tag="911" ind1=" " ind2=" ">
         <marc:subfield code="a">20000401</marc:subfield>
      </marc:datafield>
      <marc:datafield tag="912" ind1=" " ind2=" ">
         <marc:subfield code="a">20000403053315.0</marc:subfield>
      </marc:datafield>
   </marc:record>
</marc:collection>
